@inproceedings{mcvoy1996lmbench,
  title={lmbench: Portable Tools for Performance Analysis.},
  author={McVoy, Larry W and Staelin, Carl and others},
  booktitle={USENIX annual technical conference},
  pages={279--294},
  year={1996},
  organization={San Diego, CA, USA}
}

@misc{frankdenneman,
  author = {Frank Denneman},
  title = {Memory Deep Dive: Memory Subsystem Bandwidth},
  year = 2015,
  url = {http://frankdenneman.nl/2015/02/19/memory-deep-dive-memory-subsystem-bandwidth/},
  note = "[Online; accessed 26-February-2017]"
}

@misc{ wiki:hdd,
   author = "Wikipedia",
   title = "Hard disk drive --- Wikipedia{,} The Free Encyclopedia",
   year = "2017",
   url = "https://en.wikipedia.org/w/index.php?title=Hard_disk_drive&oldid=765835114",
   note = "[Online; accessed 27-February-2017]"
 }

 @misc{ wiki:cache,
   author = "Wikipedia",
   title = "Cache (computing) --- Wikipedia{,} The Free Encyclopedia",
   year = "2017",
   url = "https://en.wikipedia.org/w/index.php?title=Cache_(computing)&oldid=770496427",
   note = "[Online; accessed 20-March-2017]"
 }



@misc{ intel:whitebook,
  author = "Gabriele Paoloni",
  title = "How to Benchmark Code Execution Times on IntelÂ® IA-32 and IA-64 Instruction Set Architectures",
  year = "2010",
  url = "http://www.intel.com/content/dam/www/public/us/en/documents/white-papers/ia-32-ia-64-benchmark-code-execution-paper.pdf",
  note = "[Online; accessed 20-March-2017]"
}
